@article{Ortiz2021visualGBP,
  title = {A visual introduction to Gaussian Belief Propagation},
  author = {Ortiz, Joseph and Evans, Talfan and Davison, Andrew J.},
  journal={arXiv preprint arXiv:2107.02308},
  year = {2021},
}

@ARTICLE{9976221,
  author={Patwardhan, Aalok and Murai, Riku and Davison, Andrew J.},
  journal={IEEE Robotics and Automation Letters}, 
  title={Distributing Collaborative Multi-Robot Planning With Gaussian Belief Propagation}, 
  year={2023},
  volume={8},
  number={2},
  pages={552-559},
  keywords={Robots;Robot kinematics;Planning;Collision avoidance;Trajectory;Belief propagation;Service robots;Collision avoidance;distributed robot systems;path planning for multiple mobile robots or agents},
  doi={10.1109/LRA.2022.3227858}}

